@article{Abubakar_2009,
	doi = {10.1088/0266-5611/25/12/123012},
	url = {https://doi.org/10.1088/0266-5611/25/12/123012},
	year = 2009,
	publisher = {{IOP} Publishing},
	volume = {25},
	number = {12},
	pages = {123-012},
	author = {A Abubakar and T M Habashy and M Li and J Liu},
	title = {Inversion algorithms for large-scale geophysical electromagnetic measurements},
	journal = {Inverse Problems}
}

@article{Abubakar_2012,
	doi = {10.1088/0266-5611/28/5/055016},
	url = {https://doi.org/10.1088/0266-5611/28/5/055016},
	year = 2012,
	month = {apr},
	publisher = {{IOP} Publishing},
	volume = {28},
	number = {5},
	author = {A Abubakar and G Gao and T M Habashy and J Liu},
	title = {Joint inversion approaches for geophysical electromagnetic and elastic full-waveform data},
	journal = {Inverse Problems}
}

@inproceedings{Ambrosio_1992,
  title={On the approximation of free discontinuity problems},
  author={L. Ambrosio and Vincenzo Maria Tortorelli},
  year={1992},
  journal = {Bollettino dell'Unione Matematica Italiana}
}

@InCollection{Aster_2013,
  title = {Nonlinear Inverse Problems},
  author = {Richard C. Aster and Brian Borchers and Clifford H. Thurber},
  booktitle = {Parameter Estimation and Inverse Problems},
  publisher = {Elsevier},
  year = {2013}
}

@article{Bellettini_1994,
      author = {Giovanni Bellettini and Alessandra Coscia},
	title = { Discrete approximation of a free discontinuity problem},
	journal = {Numerical Functional Analysis and Optimization},
	Pages = {201-224},
	year = {1994},
	volume = {15(304)}
}

@InProceedings{Bourdin_2007,
author="Bourdin, B.",
editor="Combescure, Alain
and De Borst, Ren{\'e}
and Belytschko, Ted",
title="The variational formulation of brittle fracture: numerical implementation and extensions",
booktitle="IUTAM Symposium on Discretization Methods for Evolving Discontinuities",
year="2007",
publisher="Springer Netherlands",
address="Dordrecht",
pages="381--393"
}

@Inbook{Brett2014,
author="Brett, Charles
and Elliott, Charles M.
and Dedner, Andreas S.",
editor="Hoppe, Ronald",
title="Phase Field Methods for Binary Recovery",
bookTitle="Optimization with PDE Constraints: ESF Networking Program 'OPTPDE'",
year="2014",
publisher="Springer International Publishing",
address="Cham",
pages="25--63"
}


@article{Bunks_1995,
    author = {Bunks, Carey and Saleck, Fatimetou M. and Zaleski, S. and Chavent, G.},
    title = "{Multiscale seismic waveform inversion}",
    journal = {Geophysics},
    volume = {60},
    number = {5},
    pages = {1457-1473},
    year = {1995},
    month = {10}
}

@article{Chen_2002,
author = {Chen, Long-Qing},
title = {Phase-Field Models for Microstructure Evolution},
journal = {Annual Review of Materials Research},
volume = {32},
number = {1},
pages = {113-140},
year = {2002}
}

@article{Deckelnick_2005, 
title={Computation of geometric partial differential equations and mean curvature flow}, 
volume={14}, DOI={10.1017/S0962492904000224}, 
journal={Acta Numerica}, publisher={Cambridge University Press}, 
author={Deckelnick, Klaus and Dziuk, Gerhard and Elliott, Charles M.}, 
year={2005}, 
pages={139â€“232}
}

@ARTICLE{Deckelnick_2016,
       author = {{Deckelnick}, Klaus and {Elliott}, Charles M. and {Styles}, Vanessa},
        title = "{Double obstacle phase field approach to an inverse problem for a discontinuous diffusion coefficient}",
      journal = {Inverse Problems},
     keywords = {Mathematics - Numerical Analysis},
         year = 2016,
        month = apr,
       volume = {32},
       number = {4},
          eid = {045008},
        pages = {045008},
          doi = {10.1088/0266-5611/32/4/045008},
archivePrefix = {arXiv},
       eprint = {1504.01935},
 primaryClass = {math.NA},
       adsurl = {https://ui.adsabs.harvard.edu/abs/2016InvPr..32d5008D},
      adsnote = {Provided by the SAO/NASA Astrophysics Data System}
}

@article{Gazit_2012,
author = {Michal Holtzman Gazit and Eldad Haber},
title = {Joint Inversion Through A Level Set Formulation},
journal = {ASEG Extended Abstracts},
volume = {2012},
number = {1},
pages = {1-3},
year  = {2012},
publisher = {Taylor & Francis}
}

@inbook{Guo_2013,
author = {Zhaohui Guo and Maarten V. de Hoop},
title = {Shape optimization and level set method in full waveform inversion with 3D body reconstruction},
booktitle = {SEG Technical Program Expanded Abstracts 2013},
chapter = {},
pages = {1079-1083},
year = {2013}
}

@ARTICLE{Haber_2013,
       author = {{Haber}, Eldad and {Holtzman Gazit}, Michal},
        title = "{Model Fusion and Joint Inversion}",
      journal = {Surveys in Geophysics},
         year = 2013,
        month = sep,
       volume = {34},
       number = {5},
        pages = {675-695}
}


@article{Lu_2015,
author = {Wangtao Lu and Jianliang Qian},
title = {A local level-set method for 3D inversion of gravity-gradient data},
journal = {GEOPHYSICS},
volume = {80},
number = {1},
pages = {G35-G51},
year = {2015},
doi = {10.1190/geo2014-0188.1}
}

@misc{Maharramov_2014,
      title={Multi-model full-waveform inversion}, 
      author={Musa Maharramov and Biondo Biondi},
      year={2014},
      eprint={1410.6997},
      archivePrefix={arXiv},
      primaryClass={physics.geo-ph}
}

@article{Mumford_1989,
author = {Mumford, David and Shah, Jayant},
title = {Optimal approximations by piecewise smooth functions and associated variational problems},
journal = {Communications on Pure and Applied Mathematics},
volume = {42},
number = {5},
pages = {577-685},
doi = {https://doi.org/10.1002/cpa.3160420503},
year = {1989}
}

@article{Osher_1988,
title = {Fronts propagating with curvature-dependent speed: Algorithms based on Hamilton-Jacobi formulations},
journal = {Journal of Computational Physics},
volume = {79},
number = {1},
pages = {12-49},
year = {1988},
issn = {0021-9991},
doi = {https://doi.org/10.1016/0021-9991(88)90002-2},
url = {https://www.sciencedirect.com/science/article/pii/0021999188900022},
author = {Stanley Osher and James A Sethian}
}

@book{Parker_1994,
 author = {Robert L. Parker},
 publisher = {Princeton University Press},
 title = {Geophysical Inverse Theory},
 year = {1994}
}

@article{Parker_1973,
    author = {Parker, R. L.},
    title = "{The Rapid Calculation of Potential Anomalies}",
    journal = {Geophysical Journal International},
    volume = {31},
    number = {4},
    pages = {447-455},
    year = {1973},
    month = {03}
}

@article{Rondi_2001,
    author = {Luca Rondi and Fadil Santosa},
    title = {Enhanced Electrical Impedance Tomography via the Mumford-Shah Functional},
    journal = {ESAIM: Control, Optimization and Calculus of Variations},
    year = {2001},
    volume = {6},
    pages = {517--538}
}

@article{Versteeg_1994,
author = {Roelof Versteeg},
title = {The Marmousi experience: Velocity model determination on a synthetic complex data set},
journal = {The Leading Edge},
volume = {13},
number = {9},
pages = {927-936},
year = {1994},
}

@article{Vese_2002,
    author = {Luminita A. Vese and Tony F. Chan },
    title = {A Multiphase Level Set Framework for Image Segmentation Using the Mumford and Shah Model},
    journal = {International Journal of Computer Vision},
    year = {2002},
    volume = {50},
    number = {3},
    pages = {271--293}
}

@article{Zhao_2005,
  title={A fast sweeping method for Eikonal equations},
  author={H. Zhao},
  journal={Math. Comput.},
  year={2005},
  volume={74},
  pages={603-627}
}

@article{Gallardo_2007,
    author = {Gallardo, Luis A. and Meju, Max A.},
    title = "{Joint two-dimensional cross-gradient imaging of magnetotelluric and seismic traveltime data for structural and lithological classification}",
    journal = {Geophysical Journal International},
    volume = {169},
    number = {3},
    pages = {1261-1272},
    year = {2007},
    month = {06},
    issn = {0956-540X},
    doi = {10.1111/j.1365-246X.2007.03366.x},
    url = {https://doi.org/10.1111/j.1365-246X.2007.03366.x},
    eprint = {https://academic.oup.com/gji/article-pdf/169/3/1261/6082269/169-3-1261.pdf},
}

@article{Haber_1997,
	doi = {10.1088/0266-5611/13/1/006},
	url = {https://doi.org/10.1088/0266-5611/13/1/006},
	year = 1997,
	month = {feb},
	publisher = {{IOP} Publishing},
	volume = {13},
	number = {1},
	pages = {63--77},
	author = {E Haber and D Oldenburg},
	title = {Joint inversion: a structural approach},
	journal = {Inverse Problems}
}

@inbook{Kadu_2016,
author = {Ajinkya Kadu and Tristan Van Leeuwen and William Mulder},
title = {A parametric level-set approach for seismic full-waveform inversion},
booktitle = {SEG Technical Program Expanded Abstracts 2016},
chapter = {},
pages = {1146-1150},
year = {2016},
doi = {10.1190/segam2016-13870276.1},
URL = {https://library.seg.org/doi/abs/10.1190/segam2016-13870276.1},
eprint = {https://library.seg.org/doi/pdf/10.1190/segam2016-13870276.1}
}

@ARTICLE{Chan_2001,
  author={Chan, T.F. and Vese, L.A.},
  journal={IEEE Transactions on Image Processing}, 
  title={Active contours without edges}, 
  year={2001},
  volume={10},
  number={2},
  pages={266-277},
  doi={10.1109/83.902291}}


@article{Marmousi2,
author = {Gary S. Martin and Robert Wiley and Kurt J. Marfurt},
title = {Marmousi2: An elastic upgrade for Marmousi},
journal = {The Leading Edge},
volume = {25},
number = {2},
pages = {156-166},
year = {2006},
doi = {10.1190/1.2172306}
}

@article{Zhao04,
author = {Hongkai Zhao},
title = {A fast sweeping method for Eikonal equations},
journal = {Mathematics of Computation},
volume = {74},
number = {250},
pages = {603-627},
year = {2004},
doi = {10.1090/S0025-5718-04-01678-3}
}